% BibTeX bibliography file

@Article{zellner62,
  author = {Arnold Zellner},
  title = {An efficient method of estimating seemingly unrelated regressions
  and tests for aggregation bias},
  journal = {Journal of the American Statistical Association},
  year = {1962},
  volume = {57},
  pages = {348-368}
}

@Article{schmidt90,
  author = {Peter Schmidt},
  title = {Three-Stage Least Squares with Different Instruments for Different
  Equations},
  journal = {Journal of Econometrics},
  year = {1990},
  volume = {43},
  pages = {389-394}
}

@Book{greene02,
  author = {William H. Greene},
  title = {Econometric Analysis},
  edition = {5th},
  year = {2002},
  publisher = {Prentice Hall}
}

@Book{judge85,
  author = {George G. Judge and W. E. Griffiths and R. Carter Hill and Helmut
  L\"{u}tkepohl and Tsoung-Chao Lee},
  title = {The Theory and Practice of Econometrics},
  edition = {2nd},
  year = {1985},
  publisher = {John Wiley and Sons}
}

@Book{theil71,
  author = {H. Theil},
  title = {Principles of Econometrics},
  year = {1971},
  howpublished = {Wiley, New York}
}

@Article{mcelroy77,
  author = {Marjorie B. McElroy},
  title = {Goodness of Fit for Seemingly Unrelated Regressions},
  journal = {Journal of Econometrics},
  year = {1977},
  volume = {6},
  pages = {381-387}
}

@Book{kmenta86,
  author = {Jan Kmenta},
  title = {Elements of econometrics},
  edition = {2},
  year = {1986},
  publisher = {Macmillan, New York}
}

@Article{hausman1978,
  author = 	 {Jerry A. Hausman},
  title = 	 {Specification Test in Econometrics},
  journal = 	 {Econometrica},
  year = 	 1978,
  volume =	 46,
  pages =	 {1251-1272}
}

