

% BibTeX bibliography file

@Article{bates04,
  author = {Douglas Bates},
  title = {Least Squares Calculations in {R}},
  journal = {R News},
  year = {2004},
  month = {June},
  volume = {4},
  number = {1},
  pages = {17-20},
  URL = {http://CRAN.R-project.org/doc/Rnews/}
}

@Book{greene03,
  author = {William H. Greene},
  title = {Econometric Analysis},
  edition = {5th},
  year = {2003},
  publisher = {Prentice Hall}
}

@Misc{greene06,
  author = {William H. Greene},
  title = {Information about {SUR} estimation in {LIMDEP}},
  year = {2006},
  howpublished = {Personal email on 2006/02/16}
}

@PhdThesis{grunfeld58,
  author = {Y. Grunfeld},
  title = {The Determinants of Corporate Investment},
  year = {1958},
  school = {University of Chicago}
}

@Article{hausman78,
  author = {Jerry A. Hausman},
  title = {Specification Test in Econometrics},
  journal = {Econometrica},
  year = {1978},
  volume = {46},
  pages = {1251-1272}
}

@Book{judge85,
  author = {George G. Judge and W. E. Griffiths and R. Carter Hill and Helmut
  L\"{u}tkepohl and Tsoung-Chao Lee},
  title = {The Theory and Practice of Econometrics},
  edition = {2nd},
  year = {1985},
  publisher = {John Wiley and Sons}
}

@Book{klein50,
  author = {L. Klein},
  title = {Economic Fluctuations in the United States, 1921--1941},
  year = {1950},
  publisher = {John Wiley},
  address = {New York}
}

@Book{kmenta86,
  author = {Jan Kmenta},
  title = {Elements of econometrics},
  edition = {2},
  year = {1986},
  publisher = {Macmillan, New York}
}

@Article{mcelroy77,
  author = {Marjorie B. McElroy},
  title = {Goodness of Fit for Seemingly Unrelated Regressions},
  journal = {Journal of Econometrics},
  year = {1977},
  volume = {6},
  pages = {381-387}
}

@Manual{r-project,
  author = {{R~Development Core Team}},
  title = {R:~A language and environment for statistical computing},
  year = {2005},
  organization = {R~Foundation for Statistical Computing},
  howpublished = {R~Foundation for Statistical Computing, Vienna, Austria,
  \url{http://www.r-project.org}},
  address = {Vienna, Austria},
  note = {{ISBN} 3-900051-07-0},
  URL = {http://www.R-project.org},
  abstract = {ISBN 3-900051-00-3}
}

@Article{schmidt77,
  author = {Peter Schmidt},
  title = {Estimation of Seemingly Unrelated Regressions with Unequal Numbers
  of Observations},
  journal = {Journal of Econometrics},
  year = {1977},
  volume = {5},
  pages = {365-377}
}


@Article{schmidt90,
  author = {Peter Schmidt},
  title = {Three-Stage Least Squares with Different Instruments for Different
  Equations},
  journal = {Journal of Econometrics},
  year = {1990},
  volume = {43},
  pages = {389-394}
}

@Book{theil71,
  author = {H. Theil},
  title = {Principles of Econometrics},
  year = {1971},
  publisher = {Wiley, New York}
}

@Article{zellner62,
  author = {Arnold Zellner},
  title = {An efficient method of estimating seemingly unrelated regressions
  and tests for aggregation bias},
  journal = {Journal of the American Statistical Association},
  year = {1962},
  volume = {57},
  pages = {348-368}
}

@Article{zellner62b,
  author = {Arnold Zellner and H. Theil},
  title = {Three-Stage Least Squares: Simultaneous Estimation of Simultaneous
  Equations},
  journal = {Econometrica},
  year = {1962},
  volume = {30},
  number = {1},
  pages = {54-78}
}

@Article{zellner62c,
  author = {Arnold Zellner and D. S. Huang},
  title = {Further Properties of Efficient Estimators for Seemingly Unrelated
  Regression Equations},
  journal = {International Economic Review},
  year = {1962},
  volume = {3},
  number = {3},
  pages = {300-313}
}


@Article{parks67,
  author = {Richard W. Parks},
  title = {Effcient estimation of a system of regression
equations when disturbances are both serially and contemporaneously
correlated},
  journal = {Journal of the American Statistical Association},
  year = {1967},
  volume = {62},
  pages = {500-509}
}



@Book{paelinck79,
  author = {Jean H. P. Paelinck and Leo H. Klaassen},
  title = {Spatial Econometrics},
  year = {1979},
  publisher = {Saxon House, Farnborough}
}


@Book{anselin88,
  author = {Luc Anselin},
  title = {{Spatial Econometrics: Methods and Models}},
  year = {1988},
  publisher = {Kluwer Academic, Dordrecht}
}



