% BibTeX bibliography file

@Manual{r-project,
  author = {{R~Development Core Team}},
  title = {R:~A language and environment for statistical computing},
  year = {2005},
  organization = {R~Foundation for Statistical Computing},
  howpublished = {R~Foundation for Statistical Computing, Vienna, Austria,
  \url{http://www.r-project.org}},
  address = {Vienna, Austria},
  note = {{ISBN} 3-900051-07-0},
  URL = {http://www.R-project.org},
  abstract = {ISBN 3-900051-00-3}
}

@Article{zellner62,
  author = {Arnold Zellner},
  title = {An efficient method of estimating seemingly unrelated regressions
  and tests for aggregation bias},
  journal = {Journal of the American Statistical Association},
  year = {1962},
  volume = {57},
  pages = {348-368}
}


